% Encoding: UTF-8


@Article{LinuxMag,
author = {Tristan Colombo},
title = {CR\'EEZ VOTRE PREMIER VIRUS EN PYTHON},
journal = {Linux Magazine France},
year = {2017},
volume = {201},
pages = {66-71},
month = {f√©vrier},
note = {Article assez complexe.}}
