Encoding: UTF-8

@MISC{aWikipedia,
  title = {{Virus informatique}},
  note = {\biburl{https://fr.m.wikipedia.org/wiki/Virus_informatique}{03}{janvier}{2019}},
  key = {virus}
}

@MISC{bWikipedia,
  title = {{Cheval de Troie (informatique)}},
  note = {\biburl{https://fr.m.wikipedia.org/wiki/Cheval_de_Troie_(informatique)}{03}{janvier}{2019}},
  key = {Troie}
}

@MISC{cWikipedia,
  title = {{Macrovirus}},
  note = {\biburl{https://fr.m.wikipedia.org/wiki/Macrovirus}{03}{janvier}{2019}},
  key = {macrovirus}
}

@MISC{dWikipedia,
  title = {{Leonard Adleman}},
  note = {\biburl{https://fr.m.wikipedia.org/wiki/Leonard_Adleman}{03}{janvier}{2019}},
  key = {Leonard}
}

@MISC{aCommentcamarche,
  title = {{Virus informatique}},
  note = {\biburl{https://www.commentcamarche.net/contents/1235-virus-informatique}{03}{janvier}{2019}},
  key = {virus}
}

@MISC{bCommentcamarche,
  title = {{Créer un fichier Autorun.inf}},
  note = {\biburl{https://www.commentcamarche.net/faq/12609-creer-un-fichier-autorun-inf}{08}{janvier}{2019}},
  key = {Autorun}
}

@MISC{Assiste,
  title = {{Virus de boot}},
  note = {\biburl{https://assiste.com/Virus_de_boot.html}{03}{janvier}{2019}},
  key = {boot}
}

@MISC{Kaspersky,
  title = {{Qu'est-ce qu'un virus de secteur d'amorçage?}},
  note = {\biburl{https://www.kaspersky.fr/resource-center/definitions/booz-sector-virus}{03}{janvier}{2019}},
  key = {amorçage}
}

@MISC{FuturaTech,
  title = {{Macrovirus}},
  note = {\biburl{https://www.futura-sciences.com/tech/deefinitions/securite-macrovirus-15699/}{03}{janvier}{2019}},
  key = {macrovirus}
}

@MISC{Supinfo,
  title = {{27 virus informatique ayant marqué l'histoire}},
  note = {\biburl{https://www.supinfo.com/articles/single/3621-27-virus-informatque-ayant-marque-histoire}{03}{janvier}{2019}},
  key = {histoire}
}

@MISC{Forum,
  title = {{Raspberry}},
  note = {\biburl{https://www.raspberrypi.org/forums/}{03}{janvier}{2019}},
  key = {forum}
}

@MISC{aVideo,
  title = {{5 of the Worst Computer Viruses Ever}},
  note = {\biburl{https://youtu.be/DF8Ka8Jh0BQ}{03}{janvier}{2019}},
  key = {youtube}
}

@MISC{bVideo,
  title = {{Simple virus in c++}},
  note = {\biburl{https://www.youtube.com/watch?v=0gx-417xYHA}{13}{janvier}{2019}},
  key = {ayoutube}
}


@MISC{alivre,
  title = {{Créez votre premier virus en Python !}},
  note = {\biburl{https://www.gnulinuxmag.com/creez-votre-premier-virus-en-python/}{09}{janvier}{2019}},
  key = {linux}
}